@misc{demorgans,
  title={What's the theoretical basis for existential types?},
  author={},
  howpublished = {\url{https://stackoverflow.com/questions/10753073/whats-the-theoretical-basis-for-existential-types}},
  note = {Accessed: 2021-08-18}
}
@misc{bartosz-category,
  title={Category Theory for Programmers},
  author={Bartosz Milewski},
  howpublished = {\url{https://bartoszmilewski.com/2014/10/28/category-theory-for-programmers-the-preface/}},
  note = {Accessed: 2021-08-18}
}
@misc{typed-lambda-calculus,
  title={Typed Lambda Calculus},
  author={},
  howpublished = {\url{https://www.dcc.fc.up.pt/~sandra/Home/Material_files/TypedLambda.pdf}},
  note = {Accessed: 2021-08-18}
}
@misc{type-inference-lec-notes,
  title={Typed Inference Lecture Notes},
  author={},
  howpublished = {\url{https://course.ccs.neu.edu/cs4410sp20/lec_type-inference_notes.html}},
  note = {Accessed: 2021-08-18}
}
@misc{row-poly,
  title={A Polymorphic Type System for Extensible Records and Variants},
  author={},
  howpublished = {\url{https://web.cecs.pdx.edu/~mpj/pubs/96-3.pdf}},
  note = {Accessed: 2021-08-18}
}
@misc{data-type-extensions-ghc,
  title={GHC - Data type extensions},
  author={},
  howpublished = {\url{https://downloads.haskell.org/~ghc/7.4.1/docs/html/users_guide/data-type-extensions.html}},
  note = {Accessed: 2021-08-18}
}
@misc{olegtypeclasses,
  title={Implementing and Understanding Type Classes},
  author={Oleg Kiselyov},
  howpublished = {\url{https://okmij.org/ftp/Computation/typeclass.html}},
  note = {Accessed: 2021-08-18}
}
@misc{lecturestypeclassestuft,
  title={Type Classes},
  author={Tufts Lectures},
  howpublished = {\url{https://www.cs.tufts.edu/comp/150PLD/Notes/TypeClasses.pdf}},
  note = {Accessed: 2021-08-18}
}
@misc{lecturestypeclasses,
  title={Type Class, Context Inference, \& Dictionaries},
  author={CMSC498V Lectures},
  howpublished = {\url{https://nikivazou.github.io/CMSC498V/lectures/TypeClasses.html}},
  note = {Accessed: 2021-08-18}
}
@misc{type-classes-and-constraints,
  title={Type Classes and Constraints - Github Blog},
  author={Iceland Jack},
  howpublished = {\url{https://gist.github.com/Icelandjack/5afdaa32f41adf3204ef9025d9da2a70}},
  note = {Accessed: 2021-08-18}
}
@inproceedings{jones1997type,
  title={Type classes: an exploration of the design space},
  author={Jones, Simon Peyton and Jones, Mark and Meijer, Erik},
  booktitle={Haskell workshop},
  pages={1--16},
  year={1997},
  organization={Citeseer}
}
@article{peterson1993implementing,
  title={Implementing type classes},
  author={Peterson, John and Jones, Mark},
  journal={ACM SIGPLAN Notices},
  volume={28},
  number={6},
  pages={227--236},
  year={1993},
  publisher={ACM New York, NY, USA}
}
@misc{system-f-wiki,
  title={System F Wiki},
  author={},
  howpublished = {\url{https://en.wikipedia.org/wiki/System_F}},
  note = {Accessed: 2021-08-18}
}
@article{girard1986system,
  title={The system F of variable types, fifteen years later},
  author={Girard, Jean-Yves},
  journal={Theoretical computer science},
  volume={45},
  pages={159--192},
  year={1986},
  publisher={Elsevier}
}
@misc{rank-n-inference,
  title={Practical type inference for arbitrary-rank types},
  author={Simon Peyton Jones},
  howpublished = {\url{https://www.microsoft.com/en-us/research/wp-content/uploads/2016/02/putting.pdf}},
  note = {Accessed: 2021-08-18}
}
@misc{forall-or-nothing,
  title={Forall-or-Nothing},
  author={GHC},
  howpublished = {\url{https://ghc.gitlab.haskell.org/ghc/doc/users_guide/exts/explicit_forall.html}},
  note = {Accessed: 2021-08-18}
}
@misc{hindley-milner,
  title={Hindley Milner Type Inference},
  author={Stephen Diehl},
  howpublished = {\url{http://dev.stephendiehl.com/fun/006_hindley_milner.html}},
  note = {Accessed: 2021-08-18}
}
@inproceedings{damas1982principal,
  title={Principal type-schemes for functional programs},
  author={Damas, Luis and Milner, Robin},
  booktitle={Proceedings of the 9th ACM SIGPLAN-SIGACT symposium on Principles of programming languages},
  pages={207--212},
  year={1982}
}
@misc{exists-keyword,
  title={Why there is no an Exist keyword in Haskell for Existential Quantification?},
  author={},
  howpublished = {\url{https://stackoverflow.com/questions/28545545/why-there-is-no-an-exist-keyword-in-haskell-for-existential-quantification?rq=1}},
  note = {Accessed: 2021-08-18}
}
@misc{harvard-eval-contexts,
  title={Evaluation Contexts - Harvard Lecture Notes},
  author={},
  howpublished = {\url{https://groups.seas.harvard.edu/courses/cs152/2010sp/lectures/lec10.pdf}},
  note = {Accessed: 2021-08-18}
}
@misc{cornell-eval-contexts,
  title={Evaluation Contexts - Cornell Lecture Notes},
  author={},
  howpublished = {\url{https://courses.cs.cornell.edu/cs6110/2009sp/lectures/lec08-sp09.pdf}},
  note = {Accessed: 2021-08-18}
}
@misc{existential-type-curry,
  title={Existential type-curry},
  author={},
  howpublished = {\url{http://blog.ezyang.com/2010/10/existential-type-curry/}},
  note = {Accessed: 2021-08-18}
}
@misc{ghc-9-0-1-gadts,
  title={GHC 9 GADTs},
  author={},
  howpublished = {\url{https://downloads.haskell.org/ghc/9.0.1/docs/html/users\_guide/exts/gadt_syntax.html\#formal-gadt-syntax}},
  note = {Accessed: 2021-08-18}
}
@misc{pattern-synonyms-rae,
  title={Pattern Synonyms},
  author={Richard Eisenberg},
  howpublished = {\url{https://www.youtube.com/watch?v=00HxIPG0vW0}},
  note = {Accessed: 2021-08-18}
}
@misc{pattern-synonyms-ghc,
  title={Pattern Synonyms - GHC},
  author={},
  howpublished = {\url{https://ghc.gitlab.haskell.org/ghc/doc/users_guide/exts/pattern_synonyms.html?highlight=patternsynonyms\#extension-PatternSynonyms}},
  note = {Accessed: 2021-08-18}
}
@misc{type-classes-constraint-dict,
  title={Type Classes vs. the World},
  author={Edward Kmett},
  howpublished = {\url{https://youtu.be/hIZxTQP1ifo?t=3275}},
  note = {Accessed: 2021-08-18}
}
@misc{ghc-9-0-1-gadts-reddit,
  title={GHC 9 GADTs Reddit Post},
  author={},
  howpublished = {\url{https://www.reddit.com/r/haskell/comments/pfxgd4/monthly_hask_anything_september_2021/}},
  note = {Accessed: 2021-08-18}
}
@article{hall1996type,
  title={Type classes in Haskell},
  author={Hall, Cordelia V and Hammond, Kevin and Peyton Jones, Simon L and Wadler, Philip L},
  journal={ACM Transactions on Programming Languages and Systems (TOPLAS)},
  volume={18},
  number={2},
  pages={109--138},
  year={1996},
  publisher={ACM New York, NY, USA},
  url={https://dl.acm.org/doi/pdf/10.1145/227699.227700?casa_token=bOODLHUYou0AAAAA:w5hKhgjWDlpgq9G-yyXhTdwXnkcCjZPOaU9hNf2YC6u_iPFzYOLLRl8WMD2h9Y3SHBSmDXy9n2_JJg}
}
@inproceedings{yorgey2012giving,
  title={Giving Haskell a promotion},
  author={Yorgey, Brent A and Weirich, Stephanie and Cretin, Julien and Peyton Jones, Simon and Vytiniotis, Dimitrios and Magalh{\~a}es, Jos{\'e} Pedro},
  booktitle={Proceedings of the 8th ACM SIGPLAN Workshop on Types in Language Design and Implementation},
  pages={53--66},
  year={2012}
}
@inproceedings{sulzmann2007system,
  title={System F with type equality coercions},
  author={Sulzmann, Martin and Chakravarty, Manuel MT and Jones, Simon Peyton and Donnelly, Kevin},
  booktitle={Proceedings of the 2007 ACM SIGPLAN international workshop on Types in languages design and implementation},
  pages={53--66},
  year={2007},
  url={https://dl.acm.org/doi/pdf/10.1145/1190315.1190324?casa_token=lW2ziBOeAeUAAAAA:4M0M_Ys9bVf_EhPCdOQMRZxuHhjvX-Kh0OYzsN5Ga1fbVJxEzla7C-k6SdSMoDtDZtd-sbKnxARXug}
}
@inproceedings{jones1999typing,
  title={Typing haskell in haskell},
  author={Jones, Mark P},
  booktitle={Haskell workshop},
  volume={7},
  year={1999},
  url={https://web.cecs.pdx.edu/~mpj/thih/thih.pdf}
}
@inproceedings{extensions-of-haskell-type-system,
  title={Extensions of Haskell's Type System},
  author={Matej Kollar},
  year={2011},
  url={https://is.muni.cz/th/toczz/mgr-thesis-opt.pdf}
}
@inproceedings{type-inference-haskell-dep-types,
  title={Type Inference, Haskell and Dependent Types},
  author={Adam Gundry},
  year={2013},
  url={https://adam.gundry.co.uk/pub/thesis/thesis-2013-12-03.pdf}
}
@inproceedings{haskell-type-system-papers,
  title={Haskell Type System Papers},
  author={Wiki},
  url={https://wiki.haskell.org/Research_papers/Type_systems#Type_classes}
}
@inproceedings{hm-wiki,
  title={HM Wiki},
  author={Wiki},
  url={https://en.wikipedia.org/wiki/Hindley%E2%80%93Milner_type_system}
}@inproceedings{hm-blog-post-reasonableapproximation,
  title={A reckless introduction to Hindley-Milner type inference},
  author={Reasonable Approximation Blog},
  url={http://reasonableapproximation.net/2019/05/05/hindley-milner.html}
}
@inproceedings{hm-blog-post-amit,
  title={So you still don't understand Hindley-Milner},
  author={Amit Blog},
  url={https://legacy-blog.akgupta.ca/blog/2013/05/14/so-you-still-dont-understand-hindley-milner/}
}
@inproceedings{type-systems,
  title={Type Systems},
  author={Diehl, Stephen},
  url={http://dev.stephendiehl.com/fun/004_type_systems.html}
}
@inproceedings{haskell-report-2010,
  title={Haskell 2010 Report},
  author={Marlow, Simon},
  year={2010},
  url={https://www.haskell.org/definition/haskell2010.pdf}
}
@inproceedings{hm-inference,
  title={Hindley-Milner Inference},
  author={Diehl, Stephen},
  url={http://dev.stephendiehl.com/fun/006_hindley_milner.html}
}
@misc{heeren2002generalizing,
  title={Generalizing Hindley-Milner type inference algorithms},
  author={Heeren, BJ and Hage, Jurriaan and Swierstra, S Doaitse},
  year={2002},
  publisher={Utrecht University: Information and Computing Sciences},
  url={https://dspace.library.uu.nl/bitstream/handle/1874/23951/heeren_02_generalizinghindleymilner.pdf?sequence=1}
}
@misc{ghc-9-0-1,
  title={GHC 9},
  author={},
  howpublished = {\url{https://downloads.haskell.org/ghc/9.0.1/docs/html/users_guide/9.0.1-notes.html}},
  note = {Accessed: 2021-08-18}
}
@misc{ghc-9-0-1-subsumption,
  title={GHC 9 Simplified Subsumption},
  author={},
  howpublished = {\url{https://github.com/ghc-proposals/ghc-proposals/blob/master/proposals/0287-simplify-subsumption.rst}},
  note = {Accessed: 2021-08-18}
}
@misc{ghc-9-0-1-subsumption-notes,
  title={GHC 9 Simplified Subsumption},
  author={},
  howpublished = {\url{https://downloads.haskell.org/ghc/9.0.1/docs/html/users_guide/exts/rank_polymorphism.html\#simple-subsumption}},
  note = {Accessed: 2021-08-18}
}
@misc{ghc-9-0-1-subsumption-reddit,
  title={GHC 9 Simplified Subsumption Reddit Post},
  author={},
  howpublished = {\url{https://www.reddit.com/r/haskell/comments/pfxgd4/monthly_hask_anything_september_2021/hdpuvlp/}},
  note = {Accessed: 2021-08-18}
}
@misc{manipulating-quantifiers,
  title={Laws for manipulating quantifiers},
  author={},
  howpublished = {\url{https://www.cs.rochester.edu/u/nelson/courses/csc_173/predlogic/laws.html}},
  note = {Accessed: 2021-08-18}
}
@misc{ghc-polykinds,
  title={Polykinds GHC Documentation},
  author={},
  howpublished = {\url{https://downloads.haskell.org/ghc/latest/docs/html/users_guide/exts/poly_kinds.html}},
  note = {Accessed: 2021-08-18}
}
@misc{reddit-question-constraint-kinds,
  title={Reddit Question Constraint Kinds},
  author={},
  howpublished = {\url{https://www.reddit.com/r/haskell/comments/nqjp2c/monthly_hask_anything_june_2021/he8efq8/?context=3}},
  note = {Accessed: 2021-08-18}
}
@misc{datatype-contexts,
  title={Data type contexts},
  author={},
  howpublished = {\url{https://ghc.gitlab.haskell.org/ghc/doc/users_guide/exts/datatype_contexts.html}},
  note = {Accessed: 2021-08-18}
}
@article{mokhov2019selective,
  title={Selective applicative functors},
  author={Mokhov, Andrey and Lukyanov, Georgy and Marlow, Simon and Dimino, Jeremie},
  journal={Proceedings of the ACM on Programming Languages},
  volume={3},
  number={ICFP},
  pages={1--29},
  year={2019},
  publisher={ACM New York, NY, USA}
}
@misc{lambda-calc,
  title={Lecture Notes on the Lambda Calculus},
  author={Peter Selinger},
  howpublished = {\url{https://www.irif.fr/~mellies/mpri/mpri-ens/biblio/Selinger-Lambda-Calculus-Notes.pdf}},
  note = {Accessed: 2021-08-18}
}

@misc{cambridge-lambda-calc,
  title={Lambda Calculus Lecture Notes},
  author={Cambridge University},
  howpublished = {\url{https://www.cl.cam.ac.uk/teaching/1415/L28/lambda.pdf}},
  note = {Accessed: 2021-08-18}
}
@misc{GHCreadinglist,
  title={GHC Reading List},
  author={},
  howpublished = {\url{https://gitlab.haskell.org/ghc/ghc/-/wikis/reading-list\#types-and-type-inference}},
  note = {Accessed: 2021-08-18}
}

@inproceedings{lindley2012row,
  title={Row-based effect types for database integration},
  author={Lindley, Sam and Cheney, James},
  booktitle={Proceedings of the 8th ACM SIGPLAN Workshop on Types in Language Design and Implementation},
  pages={91--102},
  year={2012}
}
@techreport{gaster1996polymorphic,
  title={A polymorphic type system for extensible records and variants},
  author={Gaster, Benedict R and Jones, Mark P},
  year={1996},
  institution={Citeseer}
}
@article{leijen2005extensible,
  title={Extensible records with scoped labels.},
  author={Leijen, Daan},
  journal={Trends in Functional Programming},
  volume={6},
  pages={179--194},
  year={2005}
}
@inproceedings{leijen2017type,
  title={Type directed compilation of row-typed algebraic effects},
  author={Leijen, Daan},
  booktitle={Proceedings of the 44th ACM SIGPLAN Symposium on Principles of Programming Languages},
  pages={486--499},
  year={2017}
}
@inproceedings{hillerstrom2018shallow,
  title={Shallow effect handlers},
  author={Hillerstr{\"o}m, Daniel and Lindley, Sam},
  booktitle={Asian Symposium on Programming Languages and Systems},
  pages={415--435},
  year={2018},
  organization={Springer}
}
@book{pierce2002types,
  title={Types and programming languages},
  author={Pierce, Benjamin C and Benjamin, C},
  year={2002},
  publisher={MIT press},
  url={http://kevinluo.net/books/book_Types%20and%20Programming%20Languages%20-%20Benjamin%20C.%20Pierce.pdf}
}

@inproceedings{hillerstrom2016liberating,
  title={Liberating effects with rows and handlers},
  author={Hillerstr{\"o}m, Daniel and Lindley, Sam},
  booktitle={Proceedings of the 1st International Workshop on Type-Driven Development},
  pages={15--27},
  year={2016}
}